<?xml version="1.0" encoding="UTF-8"?><record xmlns="http://www.loc.gov/MARC21/slim" xmlns:cinclude="http://apache.org/cocoon/include/1.0" xmlns:zs="http://www.loc.gov/zing/srw/">
  <leader>00486cz  a2200145n  4500</leader>
  <controlfield tag="001">n  95030948 </controlfield>
  <controlfield tag="003">DLC</controlfield>
  <controlfield tag="005">20070727074925.0</controlfield>
  <controlfield tag="008">950329n| acannaab           |a aaa      </controlfield>
  <datafield tag="010" ind1=" " ind2=" ">
    <subfield code="a">n  95030948 </subfield>
  </datafield>
  <datafield tag="040" ind1=" " ind2=" ">
    <subfield code="a">DLC</subfield>
    <subfield code="c">DLC</subfield>
    <subfield code="d">DLC</subfield>
  </datafield>
  <datafield tag="100" ind1="1" ind2=" ">
    <subfield code="a">Johanson, Sven-Eric,</subfield>
    <subfield code="d">1919-1997.</subfield>
    <subfield code="t">Vocal music.</subfield>
    <subfield code="k">Selections</subfield>
  </datafield>
  <datafield tag="400" ind1="1" ind2=" ">
    <subfield code="a">Johanson, Sven-Eric,</subfield>
    <subfield code="d">1919-1997.</subfield>
    <subfield code="t">Sven-Erik Johanson på skiva</subfield>
  </datafield>
  <datafield tag="400" ind1="1" ind2=" ">
    <subfield code="a">Johanson, Sven-Eric,</subfield>
    <subfield code="d">1919-1997.</subfield>
    <subfield code="t">Johanson på skiva</subfield>
  </datafield>
  <datafield tag="670" ind1=" " ind2=" ">
    <subfield code="a">Sven-Erik Johanson på skiva, 1973.</subfield>
  </datafield>
</record>